<record><leader>00000cas a22000007a 4500</leader><controlfield tag="001">11933176</controlfield><controlfield tag="008">850417d18931916njudn ne      0    0eng d</controlfield><datafield ind1=" " ind2=" " tag="010"><subfield code="a">sn 85035568 </subfield></datafield><datafield ind1=" " ind2=" " tag="040"><subfield code="a">NPA</subfield><subfield code="b">eng</subfield><subfield code="c">NPA</subfield><subfield code="d">NJW</subfield><subfield code="d">OCLCQ</subfield></datafield><datafield ind1=" " ind2=" " tag="042"><subfield code="a">msc</subfield></datafield><datafield ind1="0" ind2="4" tag="245"><subfield code="a">The Ocean City daily reporter.</subfield></datafield><datafield ind1=" " ind2=" " tag="260"><subfield code="a">Ocean City, N.J. :</subfield><subfield code="b">R. Curtis Robinson,</subfield><subfield code="c">1893-</subfield></datafield><datafield ind1=" " ind2=" " tag="300"><subfield code="a">v. :</subfield><subfield code="b">ill.</subfield></datafield><datafield ind1=" " ind2=" " tag="310"><subfield code="a">Daily (except Sun.)</subfield></datafield><datafield ind1="0" ind2=" " tag="362"><subfield code="a">Vol. 1, no. 1 (July 3, 1893)-</subfield></datafield><datafield ind1=" " ind2=" " tag="500"><subfield code="a">Published only during July and August.</subfield></datafield><datafield ind1=" " ind2=" " tag="515"><subfield code="a">Publication suspended 1894.</subfield></datafield><datafield ind1=" " ind2=" " tag="530"><subfield code="a">Also issued on microfilm by Rutgers University Libraries.</subfield></datafield><datafield ind1=" " ind2=" " tag="752"><subfield code="a">United States</subfield><subfield code="b">New Jersey</subfield><subfield code="c">Cape May</subfield><subfield code="d">Ocean City.</subfield></datafield></record>